@BOOK{Smith:2012qr,
	title = {{D}ynamic {P}rogramming {A}pproaches {f}or {t}he {T}raveling {S}alesman {P}roblem {w}ith {D}rone},
	publisher = {Networks},
	author = {Smith, J.~M. and Jones, A.~B.},
	year = {2018},
	edition = {vol. 72, no. 4}
}

@ARTICLE{Smith:2013jd,
	author = {Jones, A.~B. and Smith, J.~M.},
	title = {{A}rticle {T}itle},
	journal = {Journal title},
	year = {2013},
	volume = {13},
	pages = {123-456},
	number = {52},
	month = {March},
	publisher = {Publisher}
}

